


@article{journalArticle,
  author = {Doe, John and Doe, Jane},
  title = {Sample journal article with {arXiv} eprint},
  journal = {J. Acad. Res. Inv.},
  volume = {1},
  number = {2},
  pages = {34--56},
  year = {1900},
  doi = {10.1038/exampleDOI},
  eprint = {https://arxiv.org/abs/1234.5678},
  archive = {arXiv:\allowbreak{}1234.5678},
}

@article{journalArticle2,
  author = {Doe, John and Doe, Jane},
  title = {Example journal article},
  journal = {J. Acad. Res. Inv.},
  volume = {2},
  number = {3},
  pages = {45},
  year = {2000},
  doi = {10.1038/exampleDOI},
  eprint = {https://example.com},
  archive = {Author eprint},
}

@preprint{arxivPreprint,
  author = {Ann Author},
  title = {A preprint still under review},
  year = {2020},
  eprint = {https://arxiv.org/abs/yymm.nnnn},
  archive = {arXiv:\allowbreak{}2020.\allowbreak{}0202},
}  

@book{bookExample,
  author = {Beth Writer},
  title = {Books are longer than articles},
  publisher = {Random publisher},
  address = {City of publication},
  year = {2000}
}


@misc{codeExample,
  author = {E. Pisanty},
  title = {The {Author ORCID} package},
  year = {2020},
  publisher = {GitHub},
  journal = {GitHub repository},
  howpublished = {GitHub, \href{https://github.com/episanty/authororcid}{\texttt{github.\allowbreak{}com/\allowbreak{}episanty/\allowbreak{}authororcid}}},
}

@incollection{collectionExample,
  author = {Ann Author and Carol Collaborator},
  title = {This chapter is in a book which is in a series},
  booktitle = {Fancy Book: collecting different chapters},
  series = {A Series of Books on Serious Stuff},
  publisher = {Random Publisher},
  address = {Somewhere},
  year = {2000},
  editor = {Edna Editor and Charles Copyeditor},
  pages = {123--456},
  eprint = {https://arxiv.org/abs/yymm.nnnn},
  archive = {arXiv:yymm.nnnn},
}

@mastersthesis{thesisExample,
  title = {Theses take a long time to write},
  author = {Doe, J},
  type = {{PhD} thesis},
  year = {2020},
  school = {Forest University},
  url = {http://hdl.handle.net/nnnn/nnnnnn},
}

@mastersthesis{rivera2019,
  title = {Quantum-optical analysis of high-order harmonic generation},
  author = {Rivera De\'an, Javier},
  type = {{MSc} thesis},
  school = {UPC},
  year = {2019},
  url = {http://hdl.handle.net/2117/168580},
}


@misc{RBSFA,
  author = {E. Pisanty},
  title = {{RB-SFA}: {H}igh {H}armonic {G}eneration in the {S}trong {F}ield {A}pproximation via {M}athematica},
  year = {2020},
  publisher = {GitHub},
  journal = {GitHub repository},
  howpublished = {GitHub, \url{https://github.com/episanty/RB-SFA}, \href{https://doi.org/10.5281/zenodo.592519}{doi:\allowbreak{}10.5281/\allowbreak{}zenodo.\allowbreak{}592519}},
  commit= {}
} 
@misc{RBSFAshort,
  author = {E. Pisanty},
  title = {\href{https://github.com/episanty/RB-SFA}{RB-SFA}, {GitHub}},
  year = {2020},
}

  
@preprint{ayuso2020polarization,
  title = {Polarization of chirality},
  author = {David Ayuso and Andres Ordonez and Piero Decleva and Misha Ivanov and Olga Smirnova},
  journal = {},
  year = {2020},
  eprint = {https://arxiv.org/abs/2004.05191},
  archive = {arXiv:2004.05191},
}








